<?xml version="1.0" encoding="UTF-8"?>
<record xmlns="http://www.loc.gov/MARC21/slim" xmlns:zs="http://docs.oasis-open.org/ns/search-ws/sruResponse">
 <leader>
  03257cpcaa22005057i 4500
 </leader>
 <controlfield tag="001">
  19108895
 </controlfield>
 <controlfield tag="005">
  20190602164514.0
 </controlfield>
 <controlfield tag="008">
  160525i19532006nyu                 eng
 </controlfield>
 <datafield ind1=" " ind2=" " tag="906">
  <subfield code="a">
   7
  </subfield>
  <subfield code="b">
   cbc
  </subfield>
  <subfield code="c">
   orignew
  </subfield>
  <subfield code="d">
   u
  </subfield>
  <subfield code="e">
   ncip
  </subfield>
  <subfield code="f">
   20
  </subfield>
  <subfield code="g">
   y-folklife
  </subfield>
 </datafield>
 <datafield ind1=" " ind2=" " tag="955">
  <subfield code="a">
   mkru 2016-05-25
  </subfield>
  <subfield code="a">
   mkru 2016-08-01
  </subfield>
  <subfield code="a">
   mkru 2016-08-10
  </subfield>
 </datafield>
 <datafield ind1=" " ind2=" " tag="010">
  <subfield code="a">
   2016655265
  </subfield>
 </datafield>
 <datafield ind1=" " ind2=" " tag="040">
  <subfield code="a">
   DLC
  </subfield>
  <subfield code="b">
   eng
  </subfield>
  <subfield code="e">
   dacs
  </subfield>
  <subfield code="c">
   DLC
  </subfield>
  <subfield code="d">
   DLC
  </subfield>
 </datafield>
 <datafield ind1=" " ind2=" " tag="043">
  <subfield code="a">
   n-us-ny
  </subfield>
  <subfield code="a">
   n-us---
  </subfield>
 </datafield>
 <datafield ind1=" " ind2=" " tag="090">
  <subfield code="a">
   AFC 2010/031
  </subfield>
 </datafield>
 <datafield ind1="0" ind2="0" tag="245">
  <subfield code="a">
   Lou Gordon collection,
  </subfield>
  <subfield code="f">
   1953-2006
  </subfield>
  <subfield code="g">
   (bulk 1953-1968).
  </subfield>
 </datafield>
 <datafield ind1="1" ind2="3" tag="246">
  <subfield code="a">
   Swapping Song Fair collection
  </subfield>
 </datafield>
 <datafield ind1=" " ind2=" " tag="300">
  <subfield code="a">
   375
  </subfield>
  <subfield code="f">
   items.
  </subfield>
 </datafield>
 <datafield ind1=" " ind2=" " tag="300">
  <subfield code="a">
   1
  </subfield>
  <subfield code="f">
   box plus
  </subfield>
  <subfield code="a">
   1
  </subfield>
  <subfield code="f">
   oversize envelope
  </subfield>
 </datafield>
 <datafield ind1=" " ind2=" " tag="300">
  <subfield code="3">
   manuscripts
  </subfield>
  <subfield code="a">
   31
  </subfield>
  <subfield code="f">
   folders
  </subfield>
 </datafield>
 <datafield ind1=" " ind2=" " tag="520">
  <subfield code="a">
   Manuscript materials, including programs, newspaper clippings, handbills, programs, small posters, and black-and-white photographs, documenting Swapping Song Fair, a folk music production company and concert series founded in New York City in 1955 by Lou Gordon and Paddy Clancy, which produced a Musical Tribute to Woody Guthrie in 1956, and Folk Song '59. The collection documents musical and other events in the folk music revival in New York City during the 1950s.
  </subfield>
 </datafield>
 <datafield ind1="8" ind2=" " tag="524">
  <subfield code="a">
   Lou Gordon collection (AFC 2010/031), Archive of Folk Culture, American Folklife Center, Library of Congress, Washington, D.C.
  </subfield>
 </datafield>
 <datafield ind1="0" ind2=" " tag="506">
  <subfield code="a">
   Collection is open for research. To request materials, please contact the Folklife Reading Room at
  </subfield>
  <subfield code="u">
   http://hdl.loc.gov/loc.afc/folklife.contact
  </subfield>
 </datafield>
 <datafield ind1=" " ind2=" " tag="540">
  <subfield code="a">
   Duplication of collection materials may be governed by copyright and other restrictions.
  </subfield>
 </datafield>
 <datafield ind1=" " ind2=" " tag="541">
  <subfield code="a">
   Anne Gordon;
  </subfield>
  <subfield code="c">
   Donation;
  </subfield>
  <subfield code="d">
   2010.
  </subfield>
 </datafield>
 <datafield ind1=" " ind2=" " tag="545">
  <subfield code="a">
   Louis H. Gordon was a union organizer, harmonica player, and folk music producer. He and Patrick (Paddy) Clancy formed Swapping Song Fair in 1955, a folk music production company that staged concerts in New York City Town Hall and Carnegie Hall and other venues. He served as a sergeant with the Combat Engineers in the 7th Army in Europe during World War II. He was a trustee of the Woody Guthrie Childrens Trust Fund; was born in 1915 in Brooklyn, New York; married to Anne Gordon; and died March 25, 2006 at his home in Millbrook, N.Y.
  </subfield>
 </datafield>
 <datafield ind1=" " ind2=" " tag="546">
  <subfield code="a">
   In English.
  </subfield>
 </datafield>
 <datafield ind1="0" ind2=" " tag="555">
  <subfield code="a">
   Finding aid is available online
  </subfield>
  <subfield code="u">
   http://hdl.loc.gov/loc.afc/eadafc.af016006
  </subfield>
 </datafield>
 <datafield ind1="1" ind2="0" tag="600">
  <subfield code="a">
   Guthrie, Woody,
  </subfield>
  <subfield code="d">
   1912-1967.
  </subfield>
 </datafield>
 <datafield ind1=" " ind2="0" tag="650">
  <subfield code="a">
   Folk music
  </subfield>
  <subfield code="z">
   United States
  </subfield>
  <subfield code="x">
   History and criticism.
  </subfield>
 </datafield>
 <datafield ind1=" " ind2="0" tag="650">
  <subfield code="a">
   Folk musicians
  </subfield>
  <subfield code="z">
   New York (State)
  </subfield>
  <subfield code="z">
   New York
  </subfield>
  <subfield code="x">
   Social life and customs.
  </subfield>
 </datafield>
 <datafield ind1=" " ind2="0" tag="650">
  <subfield code="a">
   Concerts
  </subfield>
  <subfield code="z">
   New York (State)
  </subfield>
  <subfield code="z">
   New York.
  </subfield>
 </datafield>
 <datafield ind1=" " ind2="0" tag="650">
  <subfield code="a">
   Popular music
  </subfield>
  <subfield code="z">
   United States
  </subfield>
  <subfield code="y">
   1951-1960
  </subfield>
  <subfield code="x">
   History and criticism.
  </subfield>
 </datafield>
 <datafield ind1=" " ind2="7" tag="650">
  <subfield code="a">
   Concerts
  </subfield>
  <subfield code="y">
   1950-1960.
  </subfield>
  <subfield code="2">
   lctgm
  </subfield>
 </datafield>
 <datafield ind1=" " ind2="7" tag="650">
  <subfield code="a">
   Musicians
  </subfield>
  <subfield code="y">
   1950-1960.
  </subfield>
  <subfield code="2">
   lctgm
  </subfield>
 </datafield>
 <datafield ind1=" " ind2="0" tag="651">
  <subfield code="a">
   New York (N.Y.)
  </subfield>
  <subfield code="x">
   Social life and customs.
  </subfield>
 </datafield>
 <datafield ind1=" " ind2="7" tag="655">
  <subfield code="a">
   Photographs.
  </subfield>
  <subfield code="2">
   aat
  </subfield>
 </datafield>
 <datafield ind1=" " ind2="7" tag="655">
  <subfield code="a">
   Manuscripts.
  </subfield>
  <subfield code="2">
   aat
  </subfield>
 </datafield>
 <datafield ind1=" " ind2="7" tag="655">
  <subfield code="a">
   Clippings.
  </subfield>
  <subfield code="2">
   gmgpc
  </subfield>
 </datafield>
 <datafield ind1="1" ind2=" " tag="700">
  <subfield code="a">
   Gordon, Lou,
  </subfield>
  <subfield code="d">
   1915-2006,
  </subfield>
  <subfield code="e">
   collector.
  </subfield>
 </datafield>
 <datafield ind1="1" ind2=" " tag="700">
  <subfield code="a">
   Pickow, George,
  </subfield>
  <subfield code="e">
   photographer.
  </subfield>
 </datafield>
 <datafield ind1="2" ind2=" " tag="710">
  <subfield code="a">
   Swapping Song Fair.
  </subfield>
 </datafield>
 <datafield ind1=" " ind2=" " tag="852">
  <subfield code="a">
   Library of Congress
  </subfield>
  <subfield code="b">
   Archive of Folk Culture, American Folklife Center,
  </subfield>
  <subfield code="e">
   101 Independence Ave. S.E., Washington, DC USA 20540-4610
  </subfield>
  <subfield code="u">
   http://hdl.loc.gov/loc.afc/folklife.home
  </subfield>
 </datafield>
 <datafield ind1="4" ind2="2" tag="856">
  <subfield code="3">
   Finding aid
  </subfield>
  <subfield code="u">
   http://hdl.loc.gov/loc.afc/eadafc.af016006
  </subfield>
 </datafield>
 <datafield ind1=" " ind2=" " tag="985">
  <subfield code="a">
   afc/ead
  </subfield>
 </datafield>
 <datafield ind1=" " ind2=" " tag="985">
  <subfield code="a">
   afc/coll
  </subfield>
 </datafield>
</record>
